<record><leader>00000cas a22000007a 4500</leader><controlfield tag="001">15022936</controlfield><controlfield tag="008">861230d18551865pauwr ne      0    0eng d</controlfield><datafield ind1=" " ind2=" " tag="010"><subfield code="a">sn 87078260 </subfield></datafield><datafield ind1=" " ind2=" " tag="040"><subfield code="a">NPH</subfield><subfield code="b">eng</subfield><subfield code="c">NPH</subfield><subfield code="d">TGN</subfield><subfield code="d">OCLCQ</subfield><subfield code="d">OCLCF</subfield><subfield code="d">OCLCO</subfield></datafield><datafield ind1="1" ind2=" " tag="029"><subfield code="a">AU@</subfield><subfield code="b">000026869815</subfield></datafield><datafield ind1=" " ind2=" " tag="042"><subfield code="a">msc</subfield></datafield><datafield ind1=" " ind2=" " tag="043"><subfield code="a">n-us-pa</subfield></datafield><datafield ind1="0" ind2=" " tag="130"><subfield code="a">Brookville Jeffersonian (Brookville, Pa. : 1855)</subfield></datafield><datafield ind1="1" ind2="4" tag="245"><subfield code="a">The Brookville Jeffersonian.</subfield></datafield><datafield ind1=" " ind2=" " tag="260"><subfield code="a">Brookville, Pa. :</subfield><subfield code="b">Evan H. Brady</subfield></datafield><datafield ind1=" " ind2=" " tag="300"><subfield code="a">v.</subfield></datafield><datafield ind1=" " ind2=" " tag="310"><subfield code="a">Weekly</subfield></datafield><datafield ind1="1" ind2=" " tag="362"><subfield code="a">Began in 1855?</subfield></datafield><datafield ind1="1" ind2=" " tag="362"><subfield code="a">Ceased in 1865.</subfield><subfield code="z">Cf McKnight, Wm. J., Jefferson County, Pennsylvania.</subfield></datafield><datafield ind1=" " ind2=" " tag="580"><subfield code="a">Daily edition published during the Annual Conference of the M.E. Church of the Erie District.</subfield></datafield><datafield ind1=" " ind2=" " tag="588"><subfield code="a">Description based on: Vol. 6, no. 6 (Apr. 28, 1855).</subfield></datafield><datafield ind1=" " ind2="0" tag="651"><subfield code="a">Brookville (Pa.)</subfield><subfield code="v">Newspapers.</subfield></datafield><datafield ind1=" " ind2="0" tag="651"><subfield code="a">Jefferson County (Pa.)</subfield><subfield code="v">Newspapers.</subfield></datafield><datafield ind1=" " ind2="7" tag="655"><subfield code="a">Newspapers.</subfield><subfield code="2">fast</subfield><subfield code="0">(OCoLC)fst01423814</subfield></datafield><datafield ind1=" " ind2="7" tag="651"><subfield code="a">Pennsylvania</subfield><subfield code="z">Brookville.</subfield><subfield code="2">fast</subfield><subfield code="0">(OCoLC)fst01220061</subfield></datafield><datafield ind1=" " ind2="7" tag="651"><subfield code="a">Pennsylvania</subfield><subfield code="z">Jefferson County.</subfield><subfield code="2">fast</subfield><subfield code="0">(OCoLC)fst01209831</subfield></datafield><datafield ind1=" " ind2=" " tag="752"><subfield code="a">United States</subfield><subfield code="b">Pennsylvania</subfield><subfield code="c">Jefferson</subfield><subfield code="d">Brookville.</subfield></datafield><datafield ind1="0" ind2=" " tag="775"><subfield code="t">Daily Brookville Jeffersonian</subfield><subfield code="w">(OCoLC)14868025</subfield></datafield><datafield ind1="0" ind2="0" tag="780"><subfield code="t">Jeffersonian (Brookville, Pa. : 1850)</subfield><subfield code="w">(DLC)sn 88080780</subfield></datafield></record>